<record><leader>00000cas a22000007a 4500</leader><controlfield tag="001">20675595</controlfield><controlfield tag="008">891120d19511981mouwr ne      0    0eng d</controlfield><datafield ind1=" " ind2=" " tag="010"><subfield code="a">sn 89067483 </subfield></datafield><datafield ind1=" " ind2=" " tag="040"><subfield code="a">MQN</subfield><subfield code="b">eng</subfield><subfield code="c">MQN</subfield><subfield code="d">OCLCQ</subfield></datafield><datafield ind1=" " ind2=" " tag="042"><subfield code="a">msc</subfield></datafield><datafield ind1="0" ind2="4" tag="245"><subfield code="a">The Greenfield vedette and the Dade County advocate.</subfield></datafield><datafield ind1=" " ind2=" " tag="260"><subfield code="a">Greenfield, Mo. :</subfield><subfield code="b">Arthur C. Griffith,</subfield><subfield code="c">1951-1981.</subfield></datafield><datafield ind1=" " ind2=" " tag="300"><subfield code="a">v.</subfield></datafield><datafield ind1=" " ind2=" " tag="310"><subfield code="a">Weekly</subfield></datafield><datafield ind1="0" ind2=" " tag="362"><subfield code="a">Vol. 85, no. 38 (Apr. 19, 1951)-v. 116, no. 23 (Dec. 10, 1981).</subfield></datafield><datafield ind1=" " ind2=" " tag="515"><subfield code="a">Continues numbering of: Greenfield vidette (Greenfield, Mo. : 1870).</subfield></datafield><datafield ind1=" " ind2="4" tag="651"><subfield code="a">Greenfield (Mo.)</subfield><subfield code="v">Newspapers.</subfield></datafield><datafield ind1=" " ind2=" " tag="752"><subfield code="a">United States</subfield><subfield code="b">Missouri</subfield><subfield code="c">Dade</subfield><subfield code="d">Greenfield.</subfield></datafield><datafield ind1="0" ind2="4" tag="780"><subfield code="t">Greenfield vedette (Greenfield, Mo. : 1870)</subfield><subfield code="w">(DLC)sn 85033910</subfield></datafield><datafield ind1="0" ind2="4" tag="780"><subfield code="t">Dade County advocate</subfield><subfield code="w">(DLC)sn 86063321</subfield></datafield><datafield ind1="0" ind2="7" tag="785"><subfield code="t">Greenfield advertiser</subfield><subfield code="w">(DLC)sn 89067481</subfield></datafield><datafield ind1="0" ind2="7" tag="785"><subfield code="t">Vedette</subfield><subfield code="w">(DLC)sn 89067484</subfield></datafield><datafield ind1="1" ind2=" " tag="029"><subfield code="a">AU@</subfield><subfield code="b">000020623029</subfield></datafield></record>